<?xml version="1.0" encoding="UTF-8"?><record xmlns="http://www.loc.gov/MARC21/slim" xmlns:cinclude="http://apache.org/cocoon/include/1.0" xmlns:zs="http://www.loc.gov/zing/srw/">
  <leader>01787cz  a2200325n  4500</leader>
  <controlfield tag="001">n  88621498 </controlfield>
  <controlfield tag="003">DLC</controlfield>
  <controlfield tag="005">20130526074924.0</controlfield>
  <controlfield tag="008">880322n| azannaabn          |a aaa      </controlfield>
  <datafield tag="010" ind1=" " ind2=" ">
    <subfield code="a">n  88621498 </subfield>
  </datafield>
  <datafield tag="035" ind1=" " ind2=" ">
    <subfield code="a">(OCoLC)oca02233145</subfield>
  </datafield>
  <datafield tag="040" ind1=" " ind2=" ">
    <subfield code="a">DLC</subfield>
    <subfield code="b">eng</subfield>
    <subfield code="e">rda</subfield>
    <subfield code="c">DLC</subfield>
    <subfield code="d">DLC</subfield>
    <subfield code="d">PU</subfield>
    <subfield code="d">OCoLC</subfield>
    <subfield code="d">IEN-Mu</subfield>
  </datafield>
  <datafield tag="046" ind1=" " ind2=" ">
    <subfield code="f">17900822</subfield>
    <subfield code="g">18591119</subfield>
  </datafield>
  <datafield tag="100" ind1="1" ind2=" ">
    <subfield code="a">Delestre-Poirson, C.-G.</subfield>
    <subfield code="q">(Charles-Gaspard),</subfield>
    <subfield code="d">1790-1859</subfield>
  </datafield>
  <datafield tag="370" ind1=" " ind2=" ">
    <subfield code="a">Paris, France</subfield>
    <subfield code="b">Paris, France</subfield>
  </datafield>
  <datafield tag="374" ind1=" " ind2=" ">
    <subfield code="a">Theatrical manager</subfield>
    <subfield code="a">Playwright</subfield>
    <subfield code="a">Librettist</subfield>
  </datafield>
  <datafield tag="375" ind1=" " ind2=" ">
    <subfield code="a">male</subfield>
  </datafield>
  <datafield tag="378" ind1=" " ind2=" ">
    <subfield code="q">Charles-Gaspard</subfield>
  </datafield>
  <datafield tag="400" ind1="1" ind2=" ">
    <subfield code="a">Poirson, C.-G. Delestre-</subfield>
    <subfield code="q">(Charles-Gaspard),</subfield>
    <subfield code="d">1790-1859</subfield>
  </datafield>
  <datafield tag="400" ind1="1" ind2=" ">
    <subfield code="w">nna</subfield>
    <subfield code="a">Delestre-Poirson, Charles-Gaspard,</subfield>
    <subfield code="d">1790-1859</subfield>
  </datafield>
  <datafield tag="400" ind1="1" ind2=" ">
    <subfield code="a">Delestre-Poirson,</subfield>
    <subfield code="c">M.</subfield>
    <subfield code="q">(Charles-Gaspard),</subfield>
    <subfield code="d">1790-1859</subfield>
  </datafield>
  <datafield tag="400" ind1="1" ind2=" ">
    <subfield code="a">Delestre,</subfield>
    <subfield code="c">M.</subfield>
    <subfield code="q">(Charles-Gaspard),</subfield>
    <subfield code="d">1790-1859</subfield>
  </datafield>
  <datafield tag="500" ind1="1" ind2=" ">
    <subfield code="w">nnnc</subfield>
    <subfield code="a">Saint-Marc, Amédée de</subfield>
  </datafield>
  <datafield tag="663" ind1=" " ind2=" ">
    <subfield code="a">For works of this author written in collaboration with Eugène Scribe and M. Mélesville, search also under:</subfield>
    <subfield code="b">Saint-Marc, Amédée de.</subfield>
  </datafield>
  <datafield tag="670" ind1=" " ind2=" ">
    <subfield code="a">Grigorʹev, P. Tri ott︠s︡a v magazini︠e︡, 1837</subfield>
    <subfield code="b">(name not given)</subfield>
  </datafield>
  <datafield tag="670" ind1=" " ind2=" ">
    <subfield code="a">Bib. nat.</subfield>
    <subfield code="b">(Delestre-Poirson, Charles-Gaspard Poirson, dit; usage: M. Delestre-Poirson; C.-G. Delestre-Poirson; M. Delestre)</subfield>
  </datafield>
  <datafield tag="670" ind1=" " ind2=" ">
    <subfield code="a">Dic. de biogr. franç.</subfield>
    <subfield code="b">(Delestre-Poirson, Charles-Gaspard; b. 8-22-1790; d. 11-19-1859)</subfield>
  </datafield>
  <datafield tag="670" ind1=" " ind2=" ">
    <subfield code="a">LC manual cat.</subfield>
    <subfield code="b">(hdg.: Delestre-Poirson, Charles Gaspard, 1790-1859)</subfield>
  </datafield>
  <datafield tag="670" ind1=" " ind2=" ">
    <subfield code="a">Quérard, J.M. Supercheries (1869-1870 ed.)</subfield>
    <subfield code="b">(Saint-Marc (Amédée de) pseudonyme [MM. Scribe, Duveyrier aîné et Delestre-Poirson])</subfield>
  </datafield>
  <datafield tag="670" ind1=" " ind2=" ">
    <subfield code="a">Grove music online, viewed May 24, 2013</subfield>
    <subfield code="b">(Delestre-Poirson, Charles-Gaspard; born August 22, 1790, Paris, died November 19, 1859, Paris; French theatre manager, playwright and librettist)</subfield>
  </datafield>
</record>